@article{Pianini_2013,
    doi = {10.1057/jos.2012.27},
    url = {https://doi.org/10.1057%2Fjos.2012.27},
    year = 2013,
    month = {aug},
    publisher = {Informa {UK} Limited},
    volume = {7},
    number = {3},
    pages = {202--215},
    author = {D Pianini and S Montagna and M Viroli},
    title = {Chemical-oriented simulation of computational systems with {ALCHEMIST}},
    journal = {Journal of Simulation}
}
